% Stochastic Processes
@misc{StochasticProcesses,
  author = "Gordan Žitković",
  title = "Introduction to Stochastic Processes - Lecture Notes",
  year = "2010"
}

@misc{ElementareStochastic,
  author="Ehrhard Behrends",
  title="Elementare Stochastik",
  year="2012"
}

@misc{StochastischeProzesse,
  author="Karsten Webel, Dominik Wied",
  title="Stochastische Prozesse",
  year="2016"
}

% HMMs
@misc{HmmIntroduction,
  title="An introduction to Hidden Markov Models",
  author="Christian Kohlschein",
  year=""

}

% GAHMM Papers
@misc{GAHMM_1997,
  author = "C. W. Chau",
  title = "Optimization of HMM by a Genetic Algorithm",
  year = "1997"
}

% Rest


@misc{gas,
  author = "Springer",
  title = "Genetic Algorithms",
  year = "2005"
}

@misc{metaheuristics,
  author= "Springer",
  title= "Metaheuristics",
  year="2008"
}

@misc{MetaphorBasedMetaheuristics,
  author = "",
  title = "Metaphor-based Metaheuristics a call for action",
  year = "2021"

}

@misc{ComparisonGuidelines,
  author = "Richard S. Barr",
  title = "Designing and reporting on computational experiments with heuristic methods",
  year = "1995"

}

@misc{HarmonySearch,
  author = "Dennis Weyland",
  title="A rigoruous analysis vong dem harmony moped",
  year="2010"
}

@misc{MetaheuristicsExposed,
  author = "Kenneth Sorensen",
  title = "Metaheuristics—the metaphor exposed",
  year = "2012"
}

@misc{NoNovelty,
  title="Grey Wolf Firefly and Bat Algorithms Three Widespread Algorithms that Do Not Contain Any Novelty",
  author = "",
  year = "2020"
}

@misc{AcmGuidelines,
  author = "ACM Transactions on Evolutionary Learning and Optimization",
  title = "Guidelines for Authors",
  url = "https://dl.acm.org/journal/telo/author-guidelines",
  note = "[Online; accessed 7-May-2020]"
}

@misc{TerminologiesAndOperators,
  author = "Sivanandam",
  title = "Terminologies and Operators of GA. In: Introduction to Genetic Algorithms. Springer",
  year = "2008"

}

@misc{GeneticAlgorithms,
  author = "Sivanandam",
  title = "Genetic Algorithms. In: Introduction to Genetic Algorithms. Springer",
  year = "2008"
}

@misc{metaheuristics&evolcomp,
  author = "Springer",
  title = "Metaheuristics and Evolutionary Computation: Algorithms and Applications"
}

@misc{rabiner,
  author= "Lawrence R. Rabiner",
  title= "A Tutorial on Hidden Markov Models and Selected Applications in Speech Recognition",
  year = "1989"
}

@misc{bremaud,
  author="Pierre Bremaud",
  title="Markov Chains"
}

@misc{wiki,
  author = "Wikibooks",
  title = "LaTeX --- Wikibooks{,} The Free Textbook Project",
  year = "2020",
  url = "https://en.wikibooks.org/w/index.php?title=LaTeX",
  note = "[Online; accessed 7-May-2020]"
}

@misc{overleaf,
  author = "Overleaf",
  title = "Overleaf LaTeX Documentation",
  year = "2020",
  url = "https://www.overleaf.com/learn/latex/Main_Page",
  note = "[Online; accessed 18-Aug-2020]"
}

@misc{learnlatex,
  author = "The LaTeX Project",
  title = "learnlatex.org",
  year = "2020",
  url = "https://www.learnlatex.org/",
  note = "[Online; accessed 18-Aug-2020]"
}

@misc{texdoc,
  author = "Kottwitz, Stefan and Cereda, Paulo",
  title = "TeXdoc Online",
  year = "2020",
  url = "https://texdoc.net/",
  note = "[Online; accessed 18-Aug-2020]"
}
